=LDR  02837 am a22006013  4500
=001  019750479
=003  Uk
=005  20200317083313.0
=007  cr\mn\024mpada
=008  150923s1696\\\\enk\\\\\\\\\\\000\0|eng\c
=FMT  \\$a  BK
=019  x\$a0593190254
=035  \\$a(Uk-ES)006483472
=040  \\$aUk-ES$cUk-ES$edcrmb
=100  1\$aCharnock, Robert,$d1663?-1696.
=245  14$aThe tryals of Robert Charnock, Edward King, and Thomas Keyes, for the horrid and execrable conspiracy to assassinate His sacred Majesty, K. William, in order to a French invasion of this kingdom.$bWho upon full evidence were found guilty of high-treason, at the Sessions-house in the Old-Baily, March 11. 1695/6. Together with a true copy of the papers delivered to the sheriffs of London and Middlesex at the time of their execution.
=246  16$aDie mercurii, 11⁰ martii, 1695. Anno regni Regis Gulielmi tertii, octavo. At the Sessions-House in the Old-Baily
=264  \1$aLondon :$bprinted for Samuel Heyrick at Greys-Inn-Gate in Holbourn, and Isaac Cleave at the Star, next to Sergeants Inn in Chancery-lane,$cMDCXCVI. [1696]
=300  \\$a[4], 76 p. ;$c31 cm (2⁰)
=336  \\$atext$2rdacontent
=337  \\$acomputer$2rdamedia
=338  \\$aonline$2rdacarrier
=340  \\$mfolio$2rdabf
=500  \\$aA title page variant (Wing T2244) has the words "and condemnation" after "tryals" in title.
=500  \\$aWith an initial imprimatur leaf signed: J. Holt.
=500  \\$aSignatures: [A]² B-V².
=510  4\$aWing (2nd ed.),$cT2255
=510  4\$aESTC,$cR505088
=600  10$aCharnock, Robert,$d1663?-1696$vEarly works to 1800.
=600  10$aKeyes, Thomas,$d-1696$vEarly works to 1800.
=600  10$aKing, Edward,$d-1696$vEarly works to 1800.
=650  \0$aLancashire Plot, 1689-1694$vEarly works to 1800.
=650  \0$aTrials (Treason)$zEngland$zLondon$vEarly works to 1800.
=700  1\$aKeyes, Thomas,$d-1696.
=700  1\$aKing, Edward,$d-1696.
=700  1\$aHeyrick, Samuel,$ebookseller.
=700  1\$aCleave, Isaac,$ebookseller.
=710  1\$aEngland and Wales.$bCourt of Oyer and Terminer and Gaol Delivery (London and Middlesex).
=752  \\$aGreat Britain$bEngland$dLondon.
=856  41$uhttp://books.google.com/books?vid=BL:A0020681265$yGoogle_Books
=852  4\$aBritish Library$bHMNTS$cDRT$jDigital Store 1485.s.8.(3.)
=985  \\$aCorrected by BSS-generated file for WR# 11/124
=985  \\$aCorrected by MS generated file for WR# 1805-0738
=CAT  \\$a8874$b40$c20200317$lBLL01$h0833
=FIN  \\$aY
=FIN  \\$aY$d20151212
=LEO  \\$aMP1.0000703196.2
=DGM  \\$a000668328$bCatBridge variable field
=DRT  \\$aGOOGLEBOOKS
=SRC  \\$aBLS01$bbibmp1.200404.2.aa
=SRC  \\$aGOOGLEBOOKS$bGoogleBooks_20151211
=OHC  \\$a1
=LAS  \\$a8874$b40$c20200317$lBLL01$h0833

