=LDR  02624 am a22004093  4500
=001  019870297
=003  Uk
=005  20200805115020.0
=007  cr\mn\024mpada
=008  880412s1662\\\\enk\\\\|s\\\\||||\||eng\\
=FMT  \\$a  BK
=019  x\$a0591660237
=040  \\$aUk$cUk
=245  02$aA catalogue of nobility viz. The names and titles of all such dukes, earls, viscounts and barons, Knights of the Garter, Knights of the Bath, and knights baronets, made by His Majesty K. Charles II. With the times of their several creations. Also the names of His Majesties Privy Council, the bishops and peers of the realm as they are placed in this present Parliament. With the addition of above 40. new honours.
=264  \1$aLondon :$bprinted for Robert Pawley,$c1662.
=300  \\$a5, 67 pages ;$c(8º)
=336  \\$atext$2rdacontent
=337  \\$acomputer$2rdamedia
=338  \\$aonline$2rdacarrier
=340  \\$m8vo$2rdabf
=500  \\$aImperfect; wanting the engravings.
=600  00$aCharles$bII,$cKing of England,$d1630-1685.
=650  \0$aTitles of honor and nobility$zEngland$y17th century.
=650  \0$aNobility$zEngland$y17th century.
=886  2\$2blmarc$a709$b00$aENGLAND$dMiscellaneous Subheadings$dNobility$p607.d.1.(2.)$x1002080061
=856  41$uhttp://books.google.com/books?vid=BL:A0020755704$yGoogle_Books
=852  4\$aBritish Library$bHMNTS$cDRT$jDigital Store 607.d.1.(1)
=985  \\$aUpgraded by BSS-generated file for WR1910-0531
=CAT  \\$a9477$b40$c20200805$lBLL01$h1150
=FIN  \\$aY$d20151231
=LEO  \\$aMP1.0000700389
=LKR  \\$aPAR$b000665642$lBLL01$r776$mA catalogue of nobility viz. The names and titles of all such dukes, earls, viscounts and barons, Knights of the Garter, Knights of the Bath, and knights baronets, made by His Majesty K. Charles II. With the times of their several creations. Also the names of His Majesties Privy Council, the bishops and peers of the realm as they are placed in this present Parliament. With the addition of above 40. new honours.$nA catalogue of nobility viz. The names and titles of all such dukes, earls, viscounts and barons, Knights of the Garter, Knights of the Bath, and knights baronets, made by His Majesty K. Charles II. With the times of their several creations. Also the names of His Majesties Privy Council, the bishops and peers of the realm as they are placed in this present Parliament. With the addition of above 40. new honours.
=DGM  \\$a000665642$bCatBridge variable field
=DRT  \\$aGOOGLEBOOKS
=SRC  \\$aGOOGLEBOOKS$bGoogleBooks_20151230
=OHC  \\$a1
=LAS  \\$a9477$b40$c20200805$lBLL01$h1150

