=LDR  01881 am a22004093  4500
=001  019298639
=003  Uk
=005  20190313093251.0
=008  900703m18281829ru\\\\\|sbc\\\|||\||lat\\
=FMT  \\$a  BK
=019  x\$a3271540152
=040  \\$aUk$cUk$dUk
=245  00$aComitis Theodori de Tolstoy bibliothecae catalogus librorum antiquitate et raritate memorabilium.
=264  \1$aPetropoli :$bIn Typographiâ militari Statûs Generalis S.C.M.,$c1828-1829.
=300  \\$a2 volumes (46 pages, 1 unnumbered page) ;$c(8º)
=336  \\$atext$2rdacontent
=337  \\$acomputer$2rdamedia
=338  \\$aonline$2rdacarrier
=340  \\$m8vo$2rdabf
=505  0\$a[v. 1.] Notitia librorum XV S-i antiquitate et raritate memorabilium -- [v. 2.] Supplementum : 1828 anno, Novembr.
=600  10$aTolstoĭ, Fedor Andreevich,$cgraf,$d1758-1849$xLibrary$vCatalogs.
=650  \0$aPrivate libraries$zRussia$y19th century$vCatalogs.
=650  \0$aRare books$xPrivate collections$zRussia$vCatalogs.
=650  \0$aEarly printed books$xPrivate collections$zRussia$vCatalogs.
=856  41$uhttp://books.google.co.uk/books?vid=BL:A0023716370$yGoogle_Books
=852  \\$aBritish Library$bHMNTS$cDRT$jDigital Store 821.h.41.(1.)
=985  \\$aCorrected by MS generated file for WR# 11/211
=985  \\$aCorrected by MS generated file for WR# 1805-0738
=CAT  \\$a9477$b40$c20190313$lBLL01$h0932
=FIN  \\$aY
=LEO  \\$aMP1.0003899996
=LKR  \\$aPAR$b003648823$lBLL01$mComitis Theodori de Tolstoy bibliothecae catalogus librorum antiquitate et raritate memorabilium.$nComitis Theodori de Tolstoy bibliothecae catalogus librorum antiquitate et raritate memorabilium.
=DGM  \\$a003648823$bCatBridge variable field
=DRT  \\$aGOOGLEBOOKS
=SRC  \\$aGOOGLEBOOKS$bGoogleBooks_20180801
=SRC  \\$aBLS01$bbibmp1.200404.2.ae
=LAS  \\$a9477$b40$c20190313$lBLL01$h0932

