=LDR  02070cam a22005291i 4500
=001  017887300
=003  Uk
=005  20230726135730.0
=007  cr\mn\024mpada
=008  890201s1619\\\\xx\\\\\|s\\\\\|||\||fre\\
=FMT  \\$a  BK
=019  x\$a1841290238
=040  \\$aUk$cUk
=110  2\$aEglises réformées du Bas-Languedoc.
=245  10$aProtestation des Esglises pretendues reformees du Bas Languedoc. Sur les presents mouvements.
=246  3\$aControverse protestante XVIIe
=246  3\$aBrochure politique 1619
=264  \1$a[Place of publication not identified] :$b[publisher not identified],$c1619.
=300  \\$a6 pages ;$c16 cm (8º)
=336  \\$atext$2rdacontent
=337  \\$acomputer$2rdamedia
=338  \\$aonline$2rdacarrier
=340  \\$m8vo$2rdabf
=856  41$uhttp://books.google.com/books?vid=BL:A0021282840$yGoogle_Books
=883  0\$aLanguage codes assigned by Bayesian analysis of words present in record$d20200826$qUk$c0.9919
=852  4\$cDRT$jDigital Store 3900.aa.27.$aBritish Library$bHMNTS
=985  \\$aCorrected by MS generated file for WR# 1805-0738
=CAT  \\$aBATCH-DCW$b00$c20160621$lBLL01$h0201
=CAT  \\$aWR14_057$b00$c20170504$lBLL01$h1842
=CAT  \\$aR1710-0956$b00$c20171102$lBLL01$h1900
=CAT  \\$a1805-0738$c20190104$lBLL01$h1830
=CAT  \\$a1805-0738$b00$c20190104$lBLL01$h1909
=CAT  \\$aBATCH-SURR$b00$c20190425$lBLL01$h2125
=CAT  \\$aBATCH-MBS$c20190503$lBLL01$h2124
=CAT  \\$aW2009-0365$b00$c20200928$lBLL01$h1537
=CAT  \\$a5194$b40$c20210128$lBLL01$h1047
=CAT  \\$a9477$b40$c20210210$lBLL01$h1514
=CAT  \\$a9477$b40$c20210211$lBLL01$h1103
=CAT  \\$a9477$b40$c20210211$lBLL01$h1105
=CAT  \\$a8874$b40$c20230726$lBLL01$h1357
=FIN  \\$aY$d20210210
=LKR  \\$aPAR$b002073209$lBLL01$nProtestation des Esglises pret$mProtestation des Esglises pret$r776
=DGM  \\$a002073209$bCatBridge variable field
=DRT  \\$aGOOGLEBOOKS
=SRC  \\$aGOOGLEBOOKS$bGoogleBooks_20160620
=OHC  \\$a1
=LAS  \\$a8874$b40$c20230726$lBLL01$h1357

