=LDR  02541 am a22004573  4500
=001  018121024
=003  Uk
=005  20201127185021.0
=008  880620|1592|||||||\\\\|s\\\\\|||\||lat\\
=FMT  \\$a  BK
=019  x\$a0884220265
=040  \\$aUk$cUk
=100  1\$aDU JON, François,$cthe elder.
=245  10$aI. Defensio Catholicæ doctrinæ de S. Trinitate Personarum in unitate essentiæ Dei, adversus Samosatenicos errores: libello comprehensos, cujus hæc inscriptio: Præcipuarum enumeratio causarum cur Christiani cum in multis religionis doctrinis ... sint ... varii, in Trinitatis tamen retinendo dogmate sint constantissimi.
=264  \1$aHeidelbergæ,$c1592.
=300  \\$c(4º)
=336  \\$atext$2rdacontent
=337  \\$acomputer$2rdamedia
=338  \\$aonline$2rdacarrier
=340  \\$m4to$2rdabf
=856  41$uhttp://books.google.com/books?vid=BL:A0020666065$yGoogle_Books
=883  0\$aLanguage codes assigned by Bayesian analysis of words present in record$d20201028$qUk$c0.9010
=852  4\$aBritish Library$bHMNTS$cDRT$jDigital Store 479.a.3.(2.)
=985  \\$aCorrected by BSS-generated file for WR# 11/048
=985  \\$aCorrected by MS generated file for WR# 1805-0738
=985  \\$aUpgraded by BSS-generated file for WR2011-1472
=CAT  \\$a9477$b40$c20161129$lBLL01$h1324
=CAT  \\$a9477$b40$c20161129$lBLL01$h1346
=CAT  \\$a9477$b40$c20161201$lBLL01$h1257
=CAT  \\$a12240$b40$c20180122$lBLL01$h1022
=CAT  \\$a1805-0738$c20190111$lBLL01$h1752
=CAT  \\$a1805-0738$b00$c20190111$lBLL01$h1818
=CAT  \\$aW2011-1472$b00$c20201127$lBLL01$h1850
=FIN  \\$aY
=LEO  \\$aMP1.0001052997
=LKR  \\$aPAR$b001000481$lBLL01$r776$mI. Defensio Catholicæ doctrinæ de S. Trinitate Personarum in unitate essentiæ Dei, adversus Samosatenicos errores: libello comprehensos, cujus hæc inscriptio: Præcipuarum enumeratio causarum cur Christiani cum in multis religionis doctrinis ... sint ... varii, in Trinitatis tamen retinendo dogmate sint constantissimi.$nI. Defensio Catholicæ doctrinæ de S. Trinitate Personarum in unitate essentiæ Dei, adversus Samosatenicos errores: libello comprehensos, cujus hæc inscriptio: Præcipuarum enumeratio causarum cur Christiani cum in multis religionis doctrinis ... sint ... varii, in Trinitatis tamen retinendo dogmate sint constantissimi.
=DGM  \\$a001000481$bCatBridge variable field
=DRT  \\$aGOOGLEBOOKS
=SRC  \\$aGOOGLEBOOKS$bGoogleBooks_20151211
=OHC  \\$a1
=LAS  \\$aW2011-1472$b00$c20201127$lBLL01$h1850

