=LDR  01539 am a2200397   4500
=001  018232255
=003  Uk
=005  20170217133952.0
=007  cr\mn\024mpada
=008  931015s1838\\\\xr\\\\\\s\\\\\000\1\wen\\
=FMT  \\$a  BK
=040  \\$bcze$dUk
=100  1\$aSchmid, Johann Christoph von,$d1756-1827.
=245  10$aPowjdky kwetaucjmu stářj wen̄owanie [3 stories, tr.] od J.P. Dewjtského.
=260  \\$aw Praze:$bNákladem Martina Neureuttra, knihkupce,$c1838
=300  \\$a159 p.:$c15 cm.
=336  \\$atext$2rdacontent
=337  \\$acomputer$2rdamedia
=338  \\$aonline$2rdacarrier
=650  01$aGerman literature$xFiction
=700  1\$aDevitsky, Josef P.
=752  \\$aCzech Republic$dPrague.
=856  41$uhttp://books.google.com/books?vid=BL:A0022020369$yGoogle_Books
=852  4\$cDRT$jDigital Store RB.23.a.29189$aBritish Library$bHMNTS
=CAT  \\$a8250$b40$c20170217$lBLL01$h1337
=CAT  \\$a8250$b40$c20170217$lBLL01$h1339
=CAT  \\$aWR14_057$b00$c20170504$lBLL01$h1853
=CAT  \\$aR1710-0956$b00$c20171108$lBLL01$h1746
=CAT  \\$aBATCH-UPD$b00$c20211011$lBLL01$h0106
=FIN  \\$aY$d20161215
=LKR  \\$aPAR$lBLL01$r776$b018158073$mPowjdky kwetaucjmu stářj wen̄owanie [3 stories, tr.] od J.P. Dewjtského.$nPowjdky kwetaucjmu stářj wen̄owanie [3 stories, tr.] od J.P. Dewjtského.
=DGM  \\$a013439236$bCatBridge variable field
=DRT  \\$aGOOGLEBOOKS
=SRC  \\$aGOOGLEBOOKS$bGoogleBooks_20161214
=OHC  \\$a1
=LAS  \\$aBATCH-UPD$b00$c20211011$lBLL01$h0106

