=LDR  01905 am a22004211i 4500
=001  016819657
=003  Uk
=005  20210304131628.0
=007  cr\mn\024mpada
=008  010117s1727\\\\enk\\\\|s\\\\\|||\||eng\\
=FMT  \\$a  BK
=019  x\$a1294080210
=040  \\$aUk$cUk
=100  1\$aGould, Nathaniel,$cSir,$eauthor.
=245  12$aA defence of An essay on the publick debts of this kingdom, &c. :$bin answer to a pamphlet, entitled, A state of the national debt, &c. /$cby the author of the Essay.
=250  \\$aThe second edition.
=264  \1$aLondon :$bprinted for J. Peele,$c1727.
=300  \\$a72 pages ;$c(8º)
=336  \\$atext$2rdacontent
=337  \\$acomputer$2rdamedia
=338  \\$aonline$2rdacarrier
=500  \\$aAuthor, Sir Nathaniel Gould.
=650  \0$aDebts, Public$zGreat Britain$vEarly works to 1800.
=650  \0$aSinking-funds$zGreat Britain$vEarly works to 1800.
=600  10$aGould, Nathaniel,$cSir.$tEssay on the publick debts of this kingdom.
=600  10$aBath, William Pulteney,$cEarl of,$d1684-1764.$tState of the national debt.
=856  41$uhttp://books.google.com/books?vid=BL:A0017310655$yGoogle_Books
=852  4\$cDRT$jDigital Store 8227.b.12.$aBritish Library$bHMNTS
=CAT  \\$aBATCH-DCW$b00$c20140810$lBLL01$h0201
=CAT  \\$aBATCH-SURR$b00$c20160609$lBLL01$h2127
=CAT  \\$a9477$b40$c20210304$lBLL01$h1316
=FIN  \\$aY$d20210304
=LKR  \\$aPAR$lBLL01$r776$b001476062$mA defence of An essay on the publick debts of this kingdom, &c. : in answer to a pamphlet, entitled, A state of the national debt, &c. /$nA defence of An essay on the publick debts of this kingdom, &c. : in answer to a pamphlet, entitled, A state of the national debt, &c. /
=DGM  \\$a001476062$bCatBridge variable field
=DRT  \\$aGOOGLEBOOKS
=SRC  \\$aGOOGLEBOOKS$bGoogleBooks_20180316
=OHC  \\$a1
=LAS  \\$a9477$b40$c20210304$lBLL01$h1316

