=LDR  05341cam a2200589 i 4500
=001  017145955
=003  Uk
=005  20230525130602.0
=007  cr\mn\024mpada
=008  880823s1721\\\\enk\\\\|s\\\\\||1\||eng\\
=FMT  \\$a  BK
=019  x\$a1243020121
=040  \\$aUk$cUk$dUk$erda
=100  1\$aGibson, W.$q(William),$d1680?-1750,$eauthor.
=245  14$aThe farriers dispensatory :$bin three parts : containing I. A description of the medicinal simples, commonly made use of in the diseases of horses, with their virtues and manner of operation, distributed into proper classes, &c. II. The preparations of simples, vegetable, animal and mineral ; with an explanation of the most usual terms, both in the chymical and galenical pharmacy. III. A number of useful compositions and receipts suited to the cure of all diseases, never before published ; as also those of greatest account from Solleysell, Ruini, Blundevill, and other most celebrated authors, digested under their proper heads of powders, balls, drinks, ointments, charges, &c. The proper method of compounding and making them, with many other useful observations and improvements tending to their right administration. To which is also added, A compleat index of all the medicines contained in the book, whether simple or compound, with a Table of diseases pointing to the remedies proper in each malady /$cby W. Gibson.
=264  \1$aLondon :$bprinted for W. Taylor,$c1721.
=300  \\$a[12], 306, [18] pages ;$c(8º)
=336  \\$atext$2rdacontent
=337  \\$acomputer$2rdamedia
=338  \\$aonline$2rdacarrier
=340  \\$m8vo$2rdabf
=500  \\$aIncludes indexes.
=650  \0$aHorses$xDiseases$xTreatment$vEarly works to 1800.
=650  \0$aVeterinary drugs$vEarly works to 1800.
=650  \7$aHorses$xDiseases$xTreatment.$2fast$0(OCoLC)fst00960632
=650  \7$aVeterinary drugs.$2fast$0(OCoLC)fst01165914
=655  \7$aEarly works.$2fast$0(OCoLC)fst01411636
=775  0\$t[The Farriers Dispensatory ... Containing I. A description of the medicinal simples ... made use of in the diseases of horses, etc.]$w(Uk)MP1.0001494407.1$dLondon, 1726. 8º.
=856  41$uhttp://books.google.co.uk/books?vid=BL:A0018955256$yGoogle_Books
=883  0\$aLanguage codes assigned by Bayesian analysis of words present in record$d20201028$qUk$c0.9010
=852  4\$aBritish Library$bHMNTS$cDRT$jDigital Store 779.f.6.
=985  \\$aUpgraded by BSS-generated file for WR1910-0531
=985  \\$aUpgraded by BSS-generated file for WR2011-1472
=CAT  \\$aBATCH-DCW$b00$c20150409$lBLL01$h0204
=CAT  \\$aWR15_122$c20151024$lBLL01$h1929
=CAT  \\$a1805-0738$c20190104$lBLL01$h1804
=CAT  \\$a1805-0738$b00$c20190104$lBLL01$h1847
=CAT  \\$aW1910-0531$b00$c20191108$lBLL01$h1821
=CAT  \\$aW2011-1472$b00$c20201127$lBLL01$h1838
=CAT  \\$a13463$b40$c20230105$lBLL01$h1244
=CAT  \\$a9477$b40$c20230419$lBLL01$h1059
=CAT  \\$a9477$b40$c20230424$lBLL01$h0920
=CAT  \\$a9477$b40$c20230505$lBLL01$h1504
=CAT  \\$a9477$b40$c20230525$lBLL01$h1127
=CAT  \\$a9477$b40$c20230525$lBLL01$h1306
=FIN  \\$aY$d20150409
=LKR  \\$aPAR$b001417300$lBLL01$r776$mThe farriers dispensatory : in three parts : containing I. A description of the medicinal simples, commonly made use of in the diseases of horses, with their virtues and manner of operation, distributed into proper classes, &c. II. The preparations of simples, vegetable, animal and mineral ; with an explanation of the most usual terms, both in the chymical and galenical pharmacy. III. A number of useful compositions and receipts suited to the cure of all diseases, never before published ; as also those of greatest account from Solleysell, Ruini, Blundevill, and other most celebrated authors, digested under their proper heads of powders, balls, drinks, ointments, charges, &c. The proper method of compounding and making them, with many other useful observations and improvements tending to their right administration. To which is also added, A compleat index of all the medicines contained in the book, whether simple or compound, with a Table of diseases pointing to the remedies proper in each malady /$nThe farriers dispensatory : in three parts : containing I. A description of the medicinal simples, commonly made use of in the diseases of horses, with their virtues and manner of operation, distributed into proper classes, &c. II. The preparations of simples, vegetable, animal and mineral ; with an explanation of the most usual terms, both in the chymical and galenical pharmacy. III. A number of useful compositions and receipts suited to the cure of all diseases, never before published ; as also those of greatest account from Solleysell, Ruini, Blundevill, and other most celebrated authors, digested under their proper heads of powders, balls, drinks, ointments, charges, &c. The proper method of compounding and making them, with many other useful observations and improvements tending to their right administration. To which is also added, A compleat index of all the medicines contained in the book, whether simple or compound, with a Tabl
=DGM  \\$a001417300$bCatBridge variable field
=DRT  \\$aGOOGLEBOOKS
=SRC  \\$aGOOGLEBOOKS$bGoogleBooks_20150408
=OHC  \\$a1
=LAS  \\$a9477$b40$c20230525$lBLL01$h1306

