=LDR  02117nam a2200457 i 4500
=001  020789528
=003  Uk
=005  20221028153443.0
=007  cr\mn\024mpada
=008  881117s1708\\\\enk\\\\|s\\\\\||1\||eng\\
=FMT  \\$a  BK
=019  x\$a1521660166
=040  \\$aUk$cUk$erda
=041  \\$aeng$alat
=100  1\$aHoole, Charles,$d1610-1667,$eauthor.
=245  10$aTerminationes et exempla declinationum & conjugationum in usum grammaticastrorum /$copera & studio Caroli Hoole, M.A...
=246  3\$aPropria quae maribus, quae genus, and as in praesenti, Englished and explained: for the use of young grammarians
=264  \1$aLondini :$bimpensis Thomae Guy,$c1708.
=300  \\$a18, 128 pages ;$c(8º)
=336  \\$atext$2rdacontent
=337  \\$acomputer$2rdamedia
=338  \\$aonline$2rdacarrier
=340  \\$m8vo$2rdabf
=500  \\$a"Propria quae maribus" has separate title page and pagination.
=500  \\$aIncludes indexes.
=505  0\$aTerminationes et exempla declinationum & conjugationum in usum grammaticastrorum / opera & studio Caroli Hoole, M.A... -- Propria quae maribus, quae genus, and as in praesenti, Englished and explained: for the use of young grammarians / by Charles Hoole, M.A.
=650  \7$aLatin language$2fast$0(OCoLC)fst00993125
=650  \7$aLatin language$xGrammar.$2fast$0(OCoLC)fst00993167
=655  \7$aEarly works.$2fast$0(OCoLC)fst01411636
=856  41$uhttp://books.google.com/books?vid=BL:A0023896413$yGoogle_Books
=852  4\$aBritish Library$bHMNTS$cDRT$jDigital Store 1568/3625.(2.)
=CAT  \\$a9477$b40$c20221028$lBLL01$h1522
=CAT  \\$a9477$b40$c20221028$lBLL01$h1534
=FIN  \\$aY$d20221028
=LKR  \\$aPAR$b001728257$lBLL01$r776$mTerminationes et exempla declinationum & conjugationum in usum grammaticastrorum /$nTerminationes et exempla declinationum & conjugationum in usum grammaticastrorum /
=DGM  \\$a001728257$bCatBridge variable field
=DRT  \\$aGOOGLEBOOKS
=SRC  \\$aGOOGLEBOOKS$bGoogleBooks_20200123
=SRC  \\$aGOOGLEBOOKS$bGoogleBooks_20200124
=OHC  \\$a1
=LAS  \\$a9477$b40$c20221028$lBLL01$h1534

