=LDR  02483nam a22003973  4500
=001  021141417
=003  Uk
=005  20230713152603.0
=008  880121s1604\\\\ne\\\\\|s\\\\||||\||eng\\
=FMT  \\$a  BK
=019  x\$a0444990194
=040  \\$aUk$cUk
=100  10$aAinsworth, Henry,$d1571-1622?.
=245  13$aAn apologie or defence of such true Christians as are commonly (but vniustly) called Brovvnists :$bagainst such imputations as are layd vpon them by the heads and doctors of the Vniversity of Oxford, in their Ansvver to the humble petition of the ministers of the Church of England, desiring reformation of certayne ceremonies and abuses of the Church.
=246  3\$aApologie or defence of such true Christians as are commonly (but unjustly) called Brownists
=264  \1$a[Amsterdam?] :$b[publisher not identified],$c1604.
=300  \\$a16 unnumbered pages, 118 pages ;$c18 cm (4º)
=336  \\$atext$2rdacontent
=337  \\$acomputer$2rdamedia
=338  \\$aonline$2rdacarrier
=340  \\$m4to$2rdabf
=500  \\$aPublished anonymously. Written by Henry Ainsworth and Francis Johnson. Cf. STC.
=500  \\$aPlace of publication suggested by STC.
=650  \7$aBrownists.$2fast$0(OCoLC)fst00839779
=655  \7$aEarly works.$2fast$0(OCoLC)fst01411636
=700  1\$aJohnson, Francis,$d1562-1618.
=856  41$uhttp://books.google.com/books?vid=BL:A0020951579$yGoogle_Books
=852  4\$aBritish Library$bHMNTS$cDRT$jDigital Store 4103.c.53.(1.)&(2.)
=CAT  \\$a9477$b40$c20230713$lBLL01$h1526
=FIN  \\$aY$d20230713
=LKR  \\$aPAR$b000499617$lBLL01$r775$mAn apologie or defence of such true Christians as are commonly (but vniustly) called Brovvnists : against such imputations as are layd vpon them by the heads and doctors of the Vniversity of Oxford, in their Ansvver to the humble petition of the ministers of the Church of England, desiring reformation of certayne ceremonies and abuses of the Church.$nAn apologie or defence of such true Christians as are commonly (but vniustly) called Brovvnists : against such imputations as are layd vpon them by the heads and doctors of the Vniversity of Oxford, in their Ansvver to the humble petition of the ministers of the Church of England, desiring reformation of certayne ceremonies and abuses of the Church.
=DGM  \\$a000499617$bCatBridge variable field
=DRT  \\$aGOOGLEBOOKS
=SRC  \\$aGOOGLEBOOKS$bGoogleBooks_20160301
=OHC  \\$a2
=LAS  \\$a9477$b40$c20230713$lBLL01$h1526

